
@article{gros_semantic_2010,
author = {Gros, Claudius and Kaczor, Gregor},
title = {Semantic learning in autonomously active recurrent neural networks},
journal = {Logic Journal of the IGPL},
volume = {18},
number = {5},
pages = {686-704},
year = {2010},
doi = {10.1093/jigpal/jzp045},
URL = {http://dx.doi.org/10.1093/jigpal/jzp045},
}

@article{fiser_small_2004,
	title = {Small modulation of ongoing cortical dynamics by sensory input during natural vision},
	volume = {431},
	url = {http://dx.doi.org/10.1038/nature02907},
	journal = {Nature},
	author = {Fiser, Jozsef and Chiu, Chiayu and Weliky, Michael},
	month = sep,
	year = {2004},
	pages = {573}
}


